@misc{ enwiki:1179700699,
    author = "{Wikipedia contributors}",
    title = "Scala (programming language) --- {Wikipedia}{,} The Free Encyclopedia",
    year = "2023",
    url = "https://en.wikipedia.org/w/index.php?title=Scala_(programming_language)&oldid=1179700699",
    note = "[Online; accessed 12-October-2023]"
  }